<?xml version="1.0" encoding="UTF-8"?><collection xmlns="http://www.loc.gov/MARC21/slim"><record><leader>00375nam--2200121-i-4500</leader><controlfield tag="001">000016285</controlfield><controlfield tag="002">20161230</controlfield><controlfield tag="005">20161230201031</controlfield><controlfield tag="008">060222s1000------------r-----000-0-eng-d</controlfield><datafield ind1=" " ind2=" " tag="100"><subfield code="a">Fronteau,Jean</subfield></datafield><datafield ind1=" " ind2=" " tag="245"><subfield code="a">Une methode d etude des faisceaux secondaires de haute energie dans le vide et dans les mileaux diffuseure.these</subfield></datafield><datafield ind1=" " ind2=" " tag="260"><subfield code="a">Paris,Universite,1964. 207 P</subfield></datafield><datafield ind1=" " ind2=" " tag="852"><subfield code="a">78057</subfield></datafield></record></collection>